@Manual{box_2018,
        title={Natural Language Processing 5 3 Context Free Grammars Part 1 1211}, 
        author={Blank Box},
        note = {Disponible en \url{https://www.youtube.com/watch?v=VkXSpWc_8FM}},
        year={2018}
    }
    
@Manual{L5CFG_2017,
        title={Context Free Grammars, Introduction to Natural Language Processing}, 
        note = {Disponible en \url{https://people.cs.umass.edu/~mccallum/courses/inlp2007/lect5-cfg.pdf}},
        author={Andrew McCallum},
        year={2017}
    }
    
@Manual{NLPOverview,
        title={Overview of NLP: Issues and Strategies}, 
        note = {Disponible en \url{http://www.bowdoin.edu/~allen/nlp/nlp1.html}},
        author={Bowdoin College}
    }
    
@Manual{CFGandParsing_2015,
        title={Context-free grammars and parsing}, 
        note = {Disponible en \url{https://www.cl.cam.ac.uk/teaching/1516/L90/slides4-public.pdf}},
        author={Ekaterina Shutova},
        year={2015}
    }
    
@Manual{CFGWiki,
    title={Context-free grammar},
    author={Wikipedia},
    note = {\url{https://en.wikipedia.org/wiki/Context-free_grammar}}
    }
    
@Manual{CYKAlgorithmWiki,
    title={CYK Algorithm},
    author={Wikipedia},
    note = {\url{https://en.wikipedia.org/wiki/CYK_algorithm}}
    }
    
@Manual{EPWiki,
    title={Earley parser},
    author={Wikipedia},
    note =    {\url{https://en.wikipedia.org/wiki/Earley_parser}}
    }
    
@Manual{LRParser,
    title={LR parser},
    author={Wikipedia},
    note = {\url{https://en.wikipedia.org/wiki/LR_parser}}
    }
    
@Manual{LLParser,
    title={LL parser},
    author={Wikipedia},
    note = {\url{https://en.wikipedia.org/wiki/LL_parser}}
    }
    
@Manual{HopcroftUllman,
    title={Introduction to Automata Theory, Languages, and Computation},
    author={Hopcroft, John E., Ullman, Jeffrey D.},
    note = {\url{https://archive.org/details/introductiontoau00hopcz}}
    }  
    
@Manual{GoogleAISyntaxNet,
    title={Announcing SyntaxNet: The World’s Most Accurate Parser Goes Open Source},
    author={Slav Petrov, Senior Staff Research Scientist},
    note = {\url{https://ai.googleblog.com/2016/05/announcing-syntaxnet-worlds-most.html}}
    }  
    
@article{GoogleAISyntaxPaper,
  author    = {Daniel Andor and
               Chris Alberti and
               David Weiss and
               Aliaksei Severyn and
               Alessandro Presta and
               Kuzman Ganchev and
               Slav Petrov and
               Michael Collins},
  title     = {Globally Normalized Transition-Based Neural Networks},
  journal   = {CoRR},
  volume    = {abs/1603.06042},
  year      = {2016},
  url       = {http://arxiv.org/abs/1603.06042},
  archivePrefix = {arXiv},
  eprint    = {1603.06042},
  timestamp = {Mon, 13 Aug 2018 16:48:50 +0200},
  biburl    = {https://dblp.org/rec/journals/corr/AndorAWSPGPC16.bib},
  bibsource = {dblp computer science bibliography, https://dblp.org},
  note = {\url{https://arxiv.org/pdf/1603.06042.pdf}}

}

@Manual{OpenSource,
    title={Understanding Open Source and Free Software Licensing},
    author={St. Laurent, Andrew M.},
    year = {2008},
    note = {\url{https://books.google.com/books?id=04jG7TTLujoC&pg=PA4}}
    }  
    
@Manual{NSLinguisticTagger,
    title={NSLinguisticTagger},
    author={Apple Developer},
    note = {\url{https://developer.apple.com/documentation/foundation/nslinguistictagger}}
    }  
    
@Manual{SyntaxnetGH,
    title={Syntaxnet Parsey McParseface Python Wrapper for DependencyParsing},
    author={Sruthi Poddutur},
    note = {\url{https://github.com/spoddutur/syntaxnet}}
    }  
    
@Manual{Amb,
    title={Learning to Resolve Natural Language Ambiguities: A Unified Approach},
    author={Roth, Dan},
    note = {(danr@cs.uiuc.edu) Department of Computer Science University of Illinois. \url{https://core.ac.uk/download/pdf/22874525.pdf}}
    }  
    
    
@Manual{NLPinTensorFlow,
    title={NLP in TensorFlow — All You Need for a Kickstart},
    author={Aqsa Kausar},
    note = { \url{https://medium.com/@aqsakausar30/nlp-in-tensorflow-all-you-need-for-a-kickstart-3293d7d2630e}}
}  
    
@Manual{DecisionLists,
    title={DECISION LISTS FOR LEXICAL AMBIGUITY RESOLUTION: Application to Accent Restoration in Spanish and French},
    author={David Yarowsky},
    note = { \url{https://arxiv.org/pdf/cmp-lg/9406034.pdf}}
}

@Manual{log-likelihood,
    title={Likelihood function},
    author={Wikipedia, the free encyclopedia},
    note = { \url{https://en.wikipedia.org/wiki/Likelihood_function}}
}